@misc{tikzposter,
  abstract = {This document class aims to provide a simple way of using LateX and
  TikZ for generating good looking scientific posters.},
  author = {Richter, Pascal and Botoeva, Elena and Barnard, Richard and Surmann, Dirk},
  title = {{The tikzposter class}},
  url = {http://ctan.mirror.rafal.ca/graphics/pgf/contrib/tikzposter/tikzposter.pdf},
  year = {2014}
}