@article{Knight2019,
  title = {the title of the article},
  author = {Jesse Knight},
  journal = {a cool journal wow},
  year = {2019}
}