@article{Last2023,
  year = {2023},
  journal = {Predatory},
  title = {A cool paper},
  author = {Last, First},
}
