@article{Last2021,
  year = {2021},
  journal = {Predatory},
  title = {Original result},
  author = {Last, First},
}
@article{Last2022,
  year = {2022},
  journal = {Predatory},
  title = {Another result},
  author = {Last, First},
}
@article{Last2023,
  year = {2023},
  journal = {Predatory},
  title = {Unifying theory},
  author = {Last, First},
}

