@preamble{ " \newcommand{\noop}[1]{} " }
@article{Lastx2018,
  author = {Lastx, Firstx and Last, First and Lasty, Firsty},
  journal = {Journal Name},
  number = {2},
  pages = {3--5},
  title = {{Co-Author Article Title}},
  volume = {1},
  year = {2018}
}
@inproceedings{Last2019,
  address = {City, Country},
  author = {Last, First and Lastx, Firstx},
  booktitle = {Conference Name},
  url = {https://www.youtube.com/watch?v=dQw4w9WgXcQ},
  title = {{Title (Oral)}},
  year = {2019}
}
@article{Last2019a,
  author = {Last, First and Lastx, Firstx and Lasty, Firsty and Lastz, Firstz},
  journal = {Journal Name},
  number = {11},
  pages = {13--17},
  title = {{First Author Article Title}},
  volume = {7},
  year = {2019}
}
@thesis{Last2020,
  author = {Last, First},
  school = {University},
  title = {{Thesis title}},
  type = {Doctor of Philosophy},
  year = {2020}
}
@inproceedings{Last2021,
  address = {City, Country},
  author = {Last, First and Lastx, Firstx},
  booktitle = {Conference Name},
  title = {{Title (Poster)}},
  year = {\noop{2021}accepted}
}